@online{jsoup,
title = {jsoup: Java HTML Parser},
urldate = {31.08.2019},
url = {https://jsoup.org/}
}
@online{sparql,
title = {SPARQL Query Language for RDF},
urldate = {31.08.2019},
url = {https://www.w3.org/TR/rdf-sparql-query/}
}
